<?xml version = "1.0" encoding = "UTF-8"?><record>
  <leader>01845nam#a2200457#cc4500</leader>
  <controlfield tag="005">20210409142905.0</controlfield>
  <controlfield tag="007">tu</controlfield>
  <controlfield tag="008">170317|1997####ja############|||#|#jpn#c</controlfield>
  <controlfield tag="003">DE-605</controlfield>
  <controlfield tag="001">990217739930206441</controlfield>
  <datafield tag="016" ind1="7" ind2=" ">
    <subfield code="a">1073430675</subfield>
    <subfield code="2">OCoLC</subfield>
  </datafield>
  <datafield tag="035" ind1=" " ind2=" ">
    <subfield code="a">(DE-605)HT019272732</subfield>
  </datafield>
  <datafield tag="040" ind1=" " ind2=" ">
    <subfield code="a">38/459</subfield>
    <subfield code="b">ger</subfield>
    <subfield code="d">38/459</subfield>
    <subfield code="e">rda</subfield>
  </datafield>
  <datafield tag="041" ind1=" " ind2=" ">
    <subfield code="a">jpn</subfield>
    <subfield code="a">eng</subfield>
  </datafield>
  <datafield tag="044" ind1=" " ind2=" ">
    <subfield code="c">XB-JP</subfield>
  </datafield>
  <datafield tag="111" ind1="2" ind2=" ">
    <subfield code="6">880-02</subfield>
    <subfield code="a">Nihongo Ky&#244;iku Shinpojiumu</subfield>
    <subfield code="n">1</subfield>
    <subfield code="d">1996-nen 9-gatsu</subfield>
    <subfield code="c">Leuven</subfield>
    <subfield code="4">aut</subfield>
  </datafield>
  <datafield tag="880" ind1="2" ind2=" ">
    <subfield code="6">111-02/Jpan</subfield>
    <subfield code="a">&#26085;&#26412;&#35486;&#25945;&#32946;&#12471;&#12531;&#12509;&#12472;&#12454;&#12512;</subfield>
  </datafield>
  <datafield tag="245" ind1="1" ind2="0">
    <subfield code="6">880-01</subfield>
    <subfield code="a">Y&#244;roppa nihongo ky&#244;iku</subfield>
    <subfield code="n">1</subfield>
    <subfield code="p">Dai 1-kai shinpojiumu h&#244;koku, happy&#244; ronbunsh&#251;</subfield>
  </datafield>
  <datafield tag="880" ind1="1" ind2="0">
    <subfield code="6">245-01/Jpan</subfield>
    <subfield code="a">&#12520;&#12540;&#12525;&#12483;&#12497;&#26085;&#26412;&#35486;&#25945;&#32946;</subfield>
    <subfield code="9">O:H</subfield>
    <subfield code="9">F:331</subfield>
  </datafield>
  <datafield tag="880" ind1="1" ind2="0">
    <subfield code="6">245-01/Jpan</subfield>
    <subfield code="p">&#31532;&#19968;&#22238;&#12471;&#12531;&#12509;&#12472;&#12454;&#12512;&#22577;&#21578;, &#30330;&#34920;&#35542;&#25991;&#38598;</subfield>
    <subfield code="9">F:331</subfield>
  </datafield>
  <datafield tag="250" ind1=" " ind2=" ">
    <subfield code="6">880-03</subfield>
    <subfield code="a">Shohan</subfield>
  </datafield>
  <datafield tag="880" ind1=" " ind2=" ">
    <subfield code="6">250-03/Jpan</subfield>
    <subfield code="a">&#21021;&#29256;</subfield>
    <subfield code="9">F:403</subfield>
  </datafield>
  <datafield tag="264" ind1=" " ind2="1">
    <subfield code="6">880-04</subfield>
    <subfield code="c">1997-nen 2-gatsu</subfield>
  </datafield>
  <datafield tag="880" ind1=" " ind2="1">
    <subfield code="6">264-04/Jpan</subfield>
    <subfield code="c">1997&#24180;2&#26376;</subfield>
    <subfield code="9">F:419</subfield>
  </datafield>
  <datafield tag="300" ind1=" " ind2=" ">
    <subfield code="a">147 Seiten</subfield>
    <subfield code="b">Illustrationen</subfield>
    <subfield code="c">24 cm</subfield>
  </datafield>
  <datafield tag="336" ind1=" " ind2=" ">
    <subfield code="b">txt</subfield>
  </datafield>
  <datafield tag="337" ind1=" " ind2=" ">
    <subfield code="b">n</subfield>
  </datafield>
  <datafield tag="338" ind1=" " ind2=" ">
    <subfield code="b">nc</subfield>
  </datafield>
  <datafield tag="546" ind1=" " ind2=" ">
    <subfield code="b">In japanischer Schrift</subfield>
  </datafield>
  <datafield tag="655" ind1=" " ind2="7">
    <subfield code="a">Konferenzschrift</subfield>
    <subfield code="0">(DE-588)1071861417</subfield>
    <subfield code="2">gnd-content</subfield>
  </datafield>
  <datafield tag="688" ind1=" " ind2=" ">
    <subfield code="a">Symposium</subfield>
  </datafield>
  <datafield tag="688" ind1=" " ind2=" ">
    <subfield code="a">Spracherwerb</subfield>
  </datafield>
  <datafield tag="710" ind1="2" ind2=" ">
    <subfield code="6">880-05</subfield>
    <subfield code="a">Association of Japanese Language Teachers in Europe</subfield>
    <subfield code="0">(DE-588)1116978326</subfield>
    <subfield code="4">isb</subfield>
    <subfield code="9">O:H</subfield>
    <subfield code="0">(uri) https://portal.dnb.de/opac.htm?method=simpleSearch&amp;cqlMode=true&amp;query=idn=1116978326</subfield>
    <subfield code="0">(uri) http://viaf.org/viaf/sourceID/DNB|1116978326</subfield>
  </datafield>
  <datafield tag="880" ind1="2" ind2=" ">
    <subfield code="6">710-05/Jpan</subfield>
    <subfield code="a">&#12520;&#12540;&#12525;&#12483;&#12497;&#26085;&#26412;&#35486;&#25945;&#24107;&#20250;</subfield>
    <subfield code="9">O:H</subfield>
  </datafield>
  <datafield tag="773" ind1="0" ind2="8">
    <subfield code="w">(DE-605)HT019217230</subfield>
    <subfield code="q">1</subfield>
  </datafield>
  <datafield tag="960" ind1="1" ind2=" ">
    <subfield code="f">jap</subfield>
  </datafield>
  <datafield tag="964" ind1="0" ind2="s">
    <subfield code="F">030</subfield>
    <subfield code="A">a|zur||||||||</subfield>
  </datafield>
  <datafield tag="964" ind1="0" ind2="s">
    <subfield code="F">050</subfield>
    <subfield code="A">a|||||||||||||</subfield>
  </datafield>
  <datafield tag="964" ind1="0" ind2="s">
    <subfield code="F">051</subfield>
    <subfield code="A">m|||||||</subfield>
  </datafield>
  <datafield tag="035" ind1=" " ind2=" ">
    <subfield code="a">(OCoLC)1073430675</subfield>
    <subfield code="0">(uri) http://www.worldcat.org/oclc/1073430675</subfield>
  </datafield>
  <datafield tag="035" ind1=" " ind2=" ">
    <subfield code="a">(DE-599)HBZHT019272732</subfield>
  </datafield>
  <datafield tag="MBD" ind1=" " ind2=" ">
    <subfield code="M">49HBZ_NETWORK</subfield>
    <subfield code="i">990217739930206441</subfield>
    <subfield code="n">HBZ Network</subfield>
  </datafield>
  <datafield tag="MNG" ind1=" " ind2=" ">
    <subfield code="c">System</subfield>
    <subfield code="f">ILS</subfield>
    <subfield code="i">marc21</subfield>
    <subfield code="k">01</subfield>
    <subfield code="e">false</subfield>
    <subfield code="d">2021-04-09 14:29:05 Europe/Berlin</subfield>
    <subfield code="g">021773993-HBZ01</subfield>
    <subfield code="j">50</subfield>
    <subfield code="a">import</subfield>
    <subfield code="b">2021-04-06 03:32:05 Europe/Berlin</subfield>
  </datafield>
</record>